<?xml version="1.0" encoding="UTF-8"?><collection xmlns="http://www.loc.gov/MARC21/slim"><record><leader>00632nam--2200181-i-4500</leader><controlfield tag="001">000035965</controlfield><controlfield tag="002">20161230</controlfield><controlfield tag="005">20161230201040</controlfield><controlfield tag="008">060222s1000------------r-----000-0-fre-d</controlfield><datafield ind1=" " ind2=" " tag="040"><subfield code="a">IFIN-HH</subfield></datafield><datafield ind1=" " ind2=" " tag="041"><subfield code="a">fre</subfield></datafield><datafield ind1=" " ind2=" " tag="080"><subfield code="a">539:539.1.074.3</subfield></datafield><datafield ind1="1" ind2=" " tag="100"><subfield code="a">Renevey, Jean-francois</subfield></datafield><datafield ind1="1" ind2="0" tag="245"><subfield code="a">Une mesure du poudoir d'analyse du c12 pour des protons entre 10 et 300mev, contribution a l'etude de la diffusion (p-c12) avec un polarimetre a chambres a etincelles</subfield><subfield code="b">These</subfield><subfield code="c">Jean-francois renevey</subfield></datafield><datafield ind1=" " ind2=" " tag="260"><subfield code="a">Geneve</subfield><subfield code="b">Universite De Geneve</subfield><subfield code="c">1968</subfield></datafield><datafield ind1=" " ind2=" " tag="300"><subfield code="a">/PAG.DIF</subfield></datafield><datafield ind1=" " ind2=" " tag="852"><subfield code="a">35603</subfield><subfield code="c">539.1.07:539.1.08</subfield></datafield><datafield ind1=" " ind2=" " tag="CAT"><subfield code="a">Sys</subfield><subfield code="c">20111024</subfield><subfield code="h">162105</subfield></datafield></record></collection>